@Comment{
SPDX-FileCopyrightText: 2023 Mark Thurston
SPDX-License-Identifier: Apache-2.0
}

@book{allisy-roberts_farrs_2008,
	location = {Edinburgh},
	edition = {2nd ed},
	title = {Farr's physics for medical imaging},
	isbn = {978-0-7020-2844-1},
	abstract = {The new edition has been fully updated to reflect the latest advances in technology and legislation and the needs of today's radiology trainees. The concise text is also accompanied by clear line drawings and sample images to illustrate the principles discussed},
	publisher = {Saunders},
	author = {Allisy-Roberts, Penelope and Williams, J. R. and Farr, R. F.},
	date = {2008},
	note = {{OCLC}: 226279496},
}
